@string{sv = {Springer}}
@string{svlong = {Springer-Verlag}}
@string{lncs = {LNCS}}
@string{lncslong = {Lecture Notes in Computer Science}}

@string{acm = {ACM}}
@string{acmlong = {ACM Press}}

@string{mit = {MIT}}
@string{mitlong = {MIT Press}}

@string{nh = {North-Holland}}
@string{nhseries = {Studies in Logic and the Foundations of Mathematics}}

@string{cup = {CUP}}
@string{cuplong = {Cambridge University Press}}



@article{HoareQuick,
  author = {C.A.R. Hoare},
  title = "Quicksort",
  year = "1962",
  journal = "The Computer Journal",
  volume = "5",
  pages = "10-15"
}

@book{Barendregt84,
  author  = {H. P. Barendregt},
  title   = {{The Lambda Calculus -- Its Syntax and Semantics}},
  publisher = nh,
  year    = 1984,
  volume  = {103},
  series  = nhseries,
  topics  = {FP - Lambda Calculi}
}

@MANUAL{coq,
  AUTHOR = {{The {Coq} Development Team}},
  TITLE = {{The Coq Proof Assistant Reference Manual -- Version V8.1 gamma}},
  YEAR = 2006,
  MONTH = Nov,
  NOTE = {http://coq.inria.fr}
}

@Book{coq'art,
  author    = "Y. Bertot and P. Cast\'eran",
  title     = "Interactive Theorem Proving and Program Development. Coq'Art: The Calculus of Inductive Constructions",
  publisher = sv,
  year      = {2004},
  series    = "Texts in Theoretical Computer Science.",
  isbn      = {3-540-20854-2}
}

@book{nielson,
  author = {H.R. Nielson and F. Nielson},
  title = {Semantics with applications: a formal introduction},
  year = {1992},
  isbn = {0-471-92980-8},
  publisher = {John Wiley \& Sons, Inc.},
}

@Book{MartinLof84,
  author =   {P. Martin-L{\"o}f},
  title =    {Intuitionistic Type Theory},
  publisher =    {Bibliopolis},
  year =   {1984},
  OPTseries =   {Studies in Proof Theory}
}

@inbook{howard,
  author = "W.A. Howard",
  title = "The formulae-as-types notion of constructions",
  series = "To H.B. Curry: Essays on Combinatory Logic, Lambda Calculus and Formalism.",
  editor = "J.P. Seldin and J.R. Hindley",
  pages = {479-490},
  year = 1980
}

@BOOK{Girard,
 Author = "J.-Y. Girard and Y. Lafont and P. Taylor",
 Title = "Proofs and Types",
 Publisher = cup,
 Year = 1989,
 Series = "Cambridge Tracts in Theoretical Computer Science",
 Volume = 7,
 chapter = 3
}

@inproceedings{constable,
  author = {R. L. Constable},
  title = {Expressing Computational Complexity in Constructive Type Theory},
  booktitle = {LCC '94: Selected Papers from the International Workshop on Logical and Computational Complexity},
  year = {1995},
  isbn = {3-540-60178-3},
  pages = {131--144},
  publisher = sv,
  OPTaddress = {London, UK},
}

@inproceedings{wadler93monads,
    author = "P. Wadler",
    title = "Monads for functional programming",
    booktitle = "Program Design Calculi: Proceedings of the 1992 {M}arktoberdorf International Summer School",
    publisher = sv,
    editor = "M.~Broy",
    year = "1993",
    url = "citeseer.ist.psu.edu/wadler95monads.html"
}

@article{quicksortanalysis,
  author    = {R. Sedgewick},
  title     = {The Analysis of Quicksort Programs},
  journal   = {Acta Inf.},
  volume    = {7},
  year      = {1977},
  pages     = {327-355},
  bibsource = {DBLP, http://dblp.uni-trier.de}
}

@article{ moggi91notions,
    author = "E. Moggi",
    title = "Notions of Computation and Monads",
    journal = "Information and Computation",
    volume = "93",
    number = "1",
    pages = "55--92",
    year = "1991",
    url = "citeseer.ist.psu.edu/moggi89notions.html" }

@inproceedings{ jones95functional,
    author = "M. P. Jones",
    title = "Functional Programming with Overloading and Higher-Order Polymorphism",
    booktitle = "Advanced Functional Programming",
    pages = "97-136",
    year = "1995",
    url = "citeseer.ist.psu.edu/jones95functional.html" }

@incollection{subsetcoercions,
  author = {M. Sozeau},
  booktitle = {Types for Proofs and Programs},
  citeulike-article-id = {2443518},
  doi = {10.1007/978-3-540-74464-1\_16},
  editor = {T. Altenkirch   and C. {McBride}  },
  journal = {Types for Proofs and Programs},
  keywords = {coq, dependent-types, functional-programming, theorem-proving, type-theory},
  pages = {237--252},
  priority = {4},
  publisher = sv,
  series = lncs,
  title = {Subset Coercions in {Coq}},
  url = {http://dx.doi.org/10.1007\%2F978-3-540-74464-1\_16},
  year = {2007}
}

@inproceedings{subtyping,
    author = {N. Shankar and S. Owre},
    title = {Principles and Pragmatics of Subtyping in {PVS}},
    volume = {1827},
    year = {1999},
    pages = {37--52},
    OPTmonth = {sep},
    url = {http://www.csl.sri.com/papers/wadt99/},
    series = lncs,
    booktitle = {Recent Trends in Algebraic Development Techniques, {WADT} '99},
    publisher = sv,
    editor = {{D.} Bert and {C.} Choppy and {P.} {D.} Mosses}
}

@inproceedings{monadtrans,
  author = {S. Liang and P. Hudak and M. P. Jones},
  title = {Monad transformers and modular interpreters},
  booktitle = {POPL '95: Proceedings of the 22nd ACM SIGPLAN-SIGACT symposium on Principles of programming languages},
  year = {1995},
  isbn = {0-89791-692-1},
  pages = {333--343},
  doi = {http://doi.acm.org/10.1145/199448.199528},
  publisher = acm
}

@book{introtoalgos,
  author = {T.H. Cormen  and C.E. Leiserson  and R.L. Rivest  and C. Stein},
  howpublished = {Paperback},
  isbn = {0262531968},
  keywords = {algorithms, hma},
  month = {September},
  publisher = mitlong,
  title = {Introduction to Algorithms, Second Edition},
  year = {2001}
}

